<?xml version="1.0" encoding="UTF-8"?><collection xmlns="http://www.loc.gov/MARC21/slim"><record><leader>00481nam--2200181-i-4500</leader><controlfield tag="001">000009578</controlfield><controlfield tag="002">20161230</controlfield><controlfield tag="005">20170114224258</controlfield><controlfield tag="008">060222s1000------------r-----000-0-eng-d</controlfield><datafield ind1=" " ind2=" " tag="080"><subfield code="a">542.1:541.28</subfield></datafield><datafield ind1=" " ind2=" " tag="100"><subfield code="a">Chase, Grafton D</subfield></datafield><datafield ind1=" " ind2=" " tag="245"><subfield code="a">Principles on radioisotope methodology</subfield></datafield><datafield ind1=" " ind2=" " tag="250"><subfield code="a">tried edition</subfield></datafield><datafield ind1=" " ind2=" " tag="260"><subfield code="a">Minneapolis</subfield><subfield code="b">Burgess Publishing Company</subfield><subfield code="c">1967</subfield></datafield><datafield ind1=" " ind2=" " tag="300"><subfield code="a">X + 633 p</subfield></datafield><datafield ind1=" " ind2=" " tag="700"><subfield code="a">Rabinowitz, Joseph L</subfield></datafield><datafield ind1=" " ind2=" " tag="852"><subfield code="a">34421</subfield></datafield><datafield ind1=" " ind2=" " tag="CAT"><subfield code="a">SYS</subfield><subfield code="c">20170114</subfield><subfield code="h">224258</subfield></datafield></record></collection>